@online{radio-browser,
  author={},
  title={Radio-browser -- baza danych stacji radiowych},
  url={https://www.radio-browser.info/},
  urldate={2023-07-02}
}

@online{fmstream,
  author={},
  title={fmstream -- baza danych stacji radiowych},
  url={http://fmstream.org},
  urldate={2023-07-02}
}


@online{minimp3,
  author={},
  title={minimp3 -- biblioteka dekodująca MP3},
  url={https://github.com/lieff/minimp3},
  urldate={2023-07-02}
}

@online{realnetworks,
  author={},
  title={RealNetworks -- firma odpowiedzialna za bibliotekę helixmp3},
  url={https://realnetworks.com},
  urldate={2023-10-12}
}

@online{helixmp3_repo,
  author={},
  title={helixmp3 -- biblioteka dekodująca MP3 (napisana w 2003 roku przez RealNetworks)},
  url={https://github.com/ultraembedded/libhelix-mp3},
  urldate={2023-10-12}
}


@online{rp2040,
  author={},
  title={RP2040 -- Mikrokontroler firmy Raspberry Pi},
  url={https://www.raspberrypi.com/documentation/microcontrollers/rp2040.html},
  urldate={2023-07-02}
}

@online{pico_sdk,
  author={},
  title={pico-sdk -- Zestaw bibliotek do Raspberry Pi Pico},
  url={https://github.com/raspberrypi/pico-sdk},
  urldate={2023-07-02}
}

@online{freertos_kernel,
  author={},
  title={FreeRTOS Kernel -- Jądro systemu czasu rzeczywistego FreeRTOS},
  url={https://github.com/FreeRTOS/FreeRTOS-Kernel},
  urldate={2023-07-02}
}

@online{adafruit_st7735,
  author={},
  title={Adafruit-ST7735-Library -- biblioteka do obsługi ekranów LCD napisana przez firmę Adafruit},
  url={https://github.com/adafruit/Adafruit-ST7735-Library},
  urldate={2023-10-10}
}

@online{littlefs,
  author={},
  title={LittleFS -- System plików przeznaczony do pamięci flash},
  url={https://github.com/littlefs-project/littlefs},
  urldate={2023-10-10}
}

@online{fatfs,
  author={},
  title={FatFS -- Obsługa systemów plików z rodziny FAT},
  url={http://elm-chan.org/fsw/ff/00index_e.html},
  urldate={2023-10-10}
}

@online{sdfs,
  author={},
  title={FatFS+SPI na Pi Pico --  kompleksowa biblioteka łącząca FatFS i komunikację poprzez SPI z kartą SD (przystosowana do Pi Pico)},
  url={https://github.com/carlk3/no-OS-FatFS-SD-SPI-RPi-Pico},
  urldate={2023-10-10}
}


@online{radio_adapter,
  author={},
  title={Radio sieciowe -- Sklep Allegro},
  url={https://allegro.pl/oferta/adapter-radia-internetowego-dual-ir-3a-dab-fm-rds-12692108793},
  urldate={2023-07-02}
}

@online{radio_tanie,
  author={},
  title={Radio internetowe mono -- Sklep x-kom},
  url={https://www.x-kom.pl/p/653480-radio-internetowe-technisat-sternradio-ir-2-biale.html},
  urldate={2023-07-02}
}

@online{radio_drogie,
  author={},
  title={Radio internetowe stereo -- Sklep x-kom},
  url={https://www.x-kom.pl/p/724674-radio-internetowe-blaupunkt-ir10bt.html},
  urldate={2023-07-02}
}

@online{botland_stm,
  author={},
  title={STM32F746G-Disco -- Sklep Botland},
  url={https://botland.com.pl/stm32-discovery/4715-stm32f746g-disco-discovery-stm32f746ng-cortex-m7-ekran-dotykowy-pojemnosciowy-43--5904422374082.html},
  urldate={2023-09-18}
}


@online{radio_pico1,
  author={},
  title={picopdio -- Przykładowe radio internetowe Raspberry Pi Pico},
  url={https://github.com/episource/picopdio},
  urldate={2023-07-02}
}

@online{radio_vs1003,
  author={},
  title={VS1003 -- Sprzętowy dekoder MP3},
  url={https://botland.com.pl/odtwarzacze-mp3-wav-ogg-midi/14308-odtwarzacz-mp3-vs1003-z-mikrofonem-5903351241786.html},
  urldate={2023-07-02}
}


@online{figma,
  author={},
  title={Figma -- Narzędzie do projektowania interfejsów},
  url={https://www.figma.com},
  urldate={2023-07-02}
}


@online{pico_pdf,
  author={},
  title={RP2040 Datasheet -- dokumentacja techniczna procesora RP2040},
  url={https://datasheets.raspberrypi.com/rp2040/rp2040-datasheet.pdf},
  urldate={2023-10-05}
}

@online{tda_pdf,
  author={},
  title={TDA1543 Datasheet -- dokumentacja techniczna układu DAC TDA1543},
  url={http://www.lampizator.eu/lampizator/LINKS%20AND%20DOWNLOADS/DATAMINING/tda%201543.pdf},
  urldate={2023-10-05}
}


@online{radio_browser_codecs,
  author={},
  title={Radio browser codecs -- kodeki audio wylistowane na stronie Radio Browser},
  url={https://www.radio-browser.info/codecs},
  urldate={2023-10-12}
}

@online{helixmp3_pr,
  author={},
  title={helixmp3 pull request -- ulepszenia biblioteki dekodującej},
  url={https://github.com/ultraembedded/libhelix-mp3/pull/3},
  urldate={2023-10-12}
}


@online{icy_spec,
  author={},
  title={ICY -- protokół przesyłania metadanych},
  url={https://gist.github.com/niko/2a1d7b2d109ebe7f7ca2f860c3505ef0#file-icy_meta-md},
  urldate={2023-10-21}
}

@online{id3_spec_mutagen,
  author={},
  title={ID3v2.4.0 -- protokół zapisu metadanych w plikach MP3},
  url={https://mutagen-specs.readthedocs.io/en/latest/id3/id3v2.4.0-structure.html},
  urldate={2023-10-25}
}


@online{m3u,
  author={},
  title={M3U -- format zapisu playlist},
  url={https://en.wikipedia.org/wiki/M3U},
  urldate={2023-11-15}
}

@online{pls,
  author={},
  title={PLS -- format zapisu playlist},
  url={https://en.wikipedia.org/wiki/PLS_(file_format)},
  urldate={2023-11-15}
}


@online{ubuntu_font,
  author={},
  title={Ubuntu font -- czcionka wykorzystana do wyświetlania znaków},
  url={https://design.ubuntu.com/font},
  urldate={2023-11-20}
}


@online{hw_chg,
  author={},
  title={TP4056 -- układ ładowania ogniw Li-ion},
  url={https://dlnmh9ip6v2uc.cloudfront.net/datasheets/Prototyping/TP4056.pdf},
  urldate={2024-01-02}
}

@online{hw_load_sw,
  author={},
  title={TP4056 Power Sharing Problem -- układ przełączania obciążenia},
  url={https://www.best-microcontroller-projects.com/tp4056-page2.html},
  urldate={2023-12-09}
}

@online{hw_dac,
  author={},
  title={PCM5102A -- przetwornik cyfrowo-analogowy obsługujący protokół I2S},
  url={https://www.ti.com/lit/ds/symlink/pcm5102a.pdf},
  urldate={2024-01-02}
}

@online{hw_mod_amp,
  author={},
  title={PAM8403 -- 2x3W wzmacniacz audio},
  url={https://botland.com.pl/odtwarzacze-mp3-wav-ogg-midi/6641-wzmacniacz-audio-stereo-pam8403-5v-3w-dwukanalowy-zielony-5904422359850.html},
  urldate={2023-12-10}
}

@online{hw_kicad,
  author={},
  title={KiCAD -- program do tworzenia schematów elektrycznych i projektowania płytek PCB},
  url={https://www.kicad.org/},
  urldate={2023-12-10}
}

@online{hw_openscad,
  author={},
  title={OpenSCAD -- program do skryptowego projektowania 3D},
  url={https://openscad.org/},
  urldate={2023-12-10}
}


@online{ch4_pcb_method,
  author={},
  title={PCB: Metoda termotransferu -- domowa metoda wytworzenia płytki PCB},
  url={http://mikrokontrolery.blogspot.com/2011/03/wykonanie-plytki-pcb-metoda-termotransferu.html},
  urldate={2023-12-12}
}


@online{ch5_pam8610,
  author={},
  title={PAM8610 -- 2x10W wzmacniacz audio},
  url={https://www.diodes.com/assets/Datasheets/products_inactive_data/PAM8610.pdf},
  urldate={2023-12-20}
}

@online{ch5_pam8006a,
  author={},
  title={PAM8006A -- 2x15W wzmacniacz audio},
  url={https://www.diodes.com/assets/Datasheets/PAM8006A.pdf},
  urldate={2023-12-20}
}


